@article{cloudhealth2020,@string{joc = {IEEE Transactions on Cloud Computing}}

  title={Enterprise Cloud Cost Management: Best Practices and Tools},

  author={VMware CloudHealth},@article{vm_placement,

  journal={VMware Technical Reports},  author={A. Ghobaei-Arani and A. A. Pouyan},

  year={2020},  journal={Journal of Grid Computing}, 

  volume={12},  title={A new resource scheduling algorithm for cloud computing environment},

  pages={45--62}  year={2017},

}  volume={15},

  pages={359-377},

@article{buyya2020resource,}

  title={Resource Provisioning and Scheduling in Cloud Computing Environments},

  author={Buyya, Rajkumar and Yeo, Chee Shin and Venugopal, Srikumar},@inproceedings{prophet,

  journal={IEEE Transactions on Cloud Computing},  author={Sean J. Taylor and Benjamin Letham},

  volume={8},  title={Prophet: forecasting at scale},

  number={3},  booktitle={Proceedings of the 2017 ACM SIGKDD International Conference on Knowledge Discovery and Data Mining},

  pages={234--248},  year={2017},

  year={2020},  pages={13-21},

  publisher={IEEE}}

}

@book{flask,

@article{beloglazov2012optimal,  author = {Miguel Grinberg},

  title={Optimal online deterministic algorithms and adaptive heuristics for energy and performance efficient dynamic consolidation of virtual machines in cloud data centers},  title = {Flask Web Development: Developing Web Applications with Python},

  author={Beloglazov, Anton and Buyya, Rajkumar},  year = {2018},

  journal={Concurrency and Computation: Practice and Experience},  publisher = {O'Reilly Media, Inc.},

  volume={24},}

  number={13},

  pages={1397--1420},@misc{react,

  year={2012},  author = {Facebook},

  publisher={Wiley Online Library}  title = {React: A JavaScript library for building user interfaces},

}  year = {2021},

  howpublished = {\url{https://reactjs.org}},

@inproceedings{taylor2018forecasting,}

  title={Forecasting at scale},
  author={Taylor, Sean J and Letham, Benjamin},
  booktitle={The American Statistician},
  volume={72},
  number={1},
  pages={37--45},
  year={2018},
  organization={Taylor \& Francis}
}

@article{arima2019cloud,
  title={Time series forecasting for cloud resource management},
  author={Chen, Wei and Zhang, Li and Wang, Ming},
  journal={Journal of Cloud Computing},
  volume={8},
  number={1},
  pages={1--15},
  year={2019},
  publisher={SpringerOpen}
}

@inproceedings{isolation2008forest,
  title={Isolation forest},
  author={Liu, Fei Tony and Ting, Kai Ming and Zhou, Zhi-Hua},
  booktitle={2008 Eighth IEEE International Conference on Data Mining},
  pages={413--422},
  year={2008},
  organization={IEEE}
}

@book{flask2018development,
  title={Flask Web Development: Developing Web Applications with Python},
  author={Grinberg, Miguel},
  year={2018},
  publisher={O'Reilly Media}
}

@misc{react2021documentation,
  title={React: A JavaScript library for building user interfaces},
  author={{Facebook Inc.}},
  year={2021},
  howpublished={\url{https://reactjs.org}},
  note={Accessed: 2025-09-28}
}

@article{websockets2019realtime,
  title={Real-time web applications with WebSocket technology},
  author={Johnson, Mark and Davis, Sarah},
  journal={Web Technologies Review},
  volume={15},
  number={2},
  pages={78--92},
  year={2019}
}

@inproceedings{redis2020performance,
  title={Performance evaluation of Redis for high-frequency data caching},
  author={Kumar, Amit and Patel, Raj},
  booktitle={Proceedings of the International Conference on Database Systems},
  pages={156--164},
  year={2020}
}