@article{vm_placement,
  author={A. Ghobaei-Arani and A. A. Pouyan},
  title={A new resource scheduling algorithm for cloud computing environment},
  journal={Journal of Grid Computing}, 
  year={2017},
  volume={15},
  pages={359-377}
}

@inproceedings{prophet,
  author={Sean J. Taylor and Benjamin Letham},
  title={Prophet: forecasting at scale},
  booktitle={Proceedings of the 2017 ACM SIGKDD International Conference on Knowledge Discovery and Data Mining},
  year={2017},
  pages={13-21}
}

@article{cloudhealth2020,
  title={Enterprise Cloud Cost Management: Best Practices and Tools},
  author={VMware CloudHealth},
  journal={VMware Technical Reports},
  year={2020},
  volume={12},
  pages={45--62}
}

@misc{react,
  title={React - A JavaScript library for building user interfaces},
  author={Facebook Inc.},
  year={2023},
  howpublished={https://reactjs.org/}
}

@book{flask,
  author = {Miguel Grinberg},
  title = {Flask Web Development: Developing Web Applications with Python},
  year = {2018},
  publisher = {O'Reilly Media, Inc.}
}

@article{buyya2020resource,
  title={Resource Provisioning and Scheduling in Cloud Computing Environments},
  author={Buyya, Rajkumar and Yeo, Chee Shin and Venugopal, Srikumar},
  journal={IEEE Transactions on Cloud Computing},
  volume={8},
  number={3},
  pages={234--248},
  year={2020},
  publisher={IEEE}
}

@article{beloglazov2012optimal,
  title={Optimal online deterministic algorithms and adaptive heuristics for energy and performance efficient dynamic consolidation of virtual machines in cloud data centers},
  author={Beloglazov, Anton and Buyya, Rajkumar},
  journal={Concurrency and Computation: Practice and Experience},
  volume={24},
  number={13},
  pages={1397--1420},
  year={2012}
}

@article{taylor2018forecasting,
  title={Forecasting at scale},
  author={Taylor, Sean J and Letham, Benjamin},
  journal={The American Statistician},
  volume={72},
  number={1},
  pages={37--45},
  year={2018},
  publisher={Taylor \& Francis}
}

@inproceedings{chen2016xgboost,
  title={Xgboost: A scalable tree boosting system},
  author={Chen, Tianqi and Guestrin, Carlos},
  booktitle={Proceedings of the 22nd acm sigkdd international conference on knowledge discovery and data mining},
  pages={785--794},
  year={2016}
}

@article{armbrust2010view,
  title={A view of cloud computing},
  author={Armbrust, Michael and Fox, Armando and Griffith, Rean and Joseph, Anthony D and Katz, Randy and Konwinski, Andy and Lee, Gunho and Patterson, David and Rabkin, Ariel and Stoica, Ion and others},
  journal={Communications of the ACM},
  volume={53},
  number={4},
  pages={50--58},
  year={2010},
  publisher={ACM New York, NY, USA}
}