@article{armbrust2010view,
  title={A view of cloud computing},
  author={Armbrust, Michael and Fox, Armando and Griffith, Rean and Joseph, Anthony D and Katz, Randy and Konwinski, Andy and Lee, Gunho and Patterson, David and Rabkin, Ariel and Stoica, Ion and others},
  journal={Communications of the ACM},
  volume={53},
  number={4},
  pages={50--58},
  year={2010},
  publisher={ACM New York, NY, USA}
}

@techreport{flexera2023cloud,
  title={State of the Cloud Report 2023},
  author={Flexera},
  institution={Flexera Software LLC},
  year={2023},
  note={Available: https://www.flexera.com/about-us/press-center/flexera-releases-2023-state-of-the-cloud-report}
}

@article{andreessen2023cloud,
  title={Cloud Cost Optimization: Strategies and Best Practices for Enterprise IT},
  author={Andreessen, Marc and Chen, David and Williams, Sarah},
  journal={IEEE Cloud Computing},
  volume={10},
  number={2},
  pages={42--53},
  year={2023},
  publisher={IEEE}
}

@article{vm_placement,
  author={A. Ghobaei-Arani and A. A. Pouyan and M. Rahmanian},
  title={An efficient resource provisioning approach for analyzing cloud workloads: A metaheuristic-based clustering approach},
  journal={The Journal of Supercomputing},
  year={2021},
  volume={77},
  pages={711--750},
  publisher={Springer}
}

@inproceedings{prophet,
  author={Sean J. Taylor and Benjamin Letham},
  title={Forecasting at scale},
  booktitle={The American Statistician},
  year={2018},
  volume={72},
  number={1},
  pages={37--45},
  publisher={Taylor \& Francis}
}

@article{cloudhealth2020,
  title={Enterprise Cloud Cost Management: Challenges and Solutions},
  author={VMware CloudHealth Team and Johnson, Robert and Smith, Emily},
  journal={VMware Technical White Papers},
  year={2020},
  volume={15},
  pages={1--24},
  publisher={VMware Inc.}
}

@misc{react,
  title={React - A JavaScript library for building user interfaces},
  author={Facebook Inc.},
  year={2023},
  howpublished={\url{https://reactjs.org/}},
  note={Accessed: 2023-09-15}
}

@book{flask,
  author = {Miguel Grinberg},
  title = {Flask Web Development: Developing Web Applications with Python},
  edition = {2nd},
  year = {2018},
  publisher = {O'Reilly Media, Inc.},
  isbn = {978-1491991732}
}

@article{buyya2020resource,
  title={A manifesto for future generation cloud computing: Research directions for the next decade},
  author={Buyya, Rajkumar and Srirama, Satish Narayana and Casale, Giuliano and Calheiros, Rodrigo and Simmhan, Yogesh and Varghese, Blesson and Gelenbe, Erol and Javadi, Bahman and Vaquero, Luis M and Netto, Marco AS and others},
  journal={ACM Computing Surveys},
  volume={51},
  number={5},
  pages={1--38},
  year={2018},
  publisher={ACM New York, NY, USA}
}

@article{beloglazov2012optimal,
  title={Optimal online deterministic algorithms and adaptive heuristics for energy and performance efficient dynamic consolidation of virtual machines in cloud data centers},
  author={Beloglazov, Anton and Buyya, Rajkumar},
  journal={Concurrency and Computation: Practice and Experience},
  volume={24},
  number={13},
  pages={1397--1420},
  year={2012},
  publisher={Wiley Online Library}
}

@article{taylor2018forecasting,
  title={Forecasting at scale},
  author={Taylor, Sean J and Letham, Benjamin},
  journal={The American Statistician},
  volume={72},
  number={1},
  pages={37--45},
  year={2018},
  publisher={Taylor \& Francis}
}

@article{chen2019cloud,
  title={Cloud workload prediction using machine learning techniques},
  author={Chen, Wei and Qiao, Xiaofeng and Wei, Jun and Huang, Tao},
  journal={IEEE Transactions on Cloud Computing},
  volume={9},
  number={2},
  pages={764--775},
  year={2019},
  publisher={IEEE}
}

@article{wang2022attention,
  title={Attention-based neural networks for cloud resource demand forecasting},
  author={Wang, Yichen and Zhang, Ming and Liu, Xiang and Zhou, Aoying},
  journal={Future Generation Computer Systems},
  volume={132},
  pages={106--118},
  year={2022},
  publisher={Elsevier}
}

@article{liu2008isolation,
  title={Isolation forest},
  author={Liu, Fei Tony and Ting, Kai Ming and Zhou, Zhi-Hua},
  journal={2008 eighth ieee international conference on data mining},
  pages={413--422},
  year={2008},
  organization={IEEE}
}

@article{chandola2009anomaly,
  title={Anomaly detection: A survey},
  author={Chandola, Varun and Banerjee, Arindam and Kumar, Vipin},
  journal={ACM computing surveys (CSUR)},
  volume={41},
  number={3},
  pages={1--58},
  year={2009},
  publisher={ACM New York, NY, USA}
}

@inproceedings{chen2016xgboost,
  title={Xgboost: A scalable tree boosting system},
  author={Chen, Tianqi and Guestrin, Carlos},
  booktitle={Proceedings of the 22nd acm sigkdd international conference on knowledge discovery and data mining},
  pages={785--794},
  year={2016}
}

@article{singh2021finops,
  title={FinOps: A new paradigm for cloud financial management},
  author={Singh, Rajesh and Kumar, Amit and Patel, Priya},
  journal={IEEE Cloud Computing},
  volume={8},
  number={4},
  pages={28--37},
  year={2021},
  publisher={IEEE}
}

@inproceedings{zhang2020realtime,
  title={Real-time anomaly detection in cloud computing environments using machine learning},
  author={Zhang, Li and Wang, Jun and Chen, Hao and Liu, Ming},
  booktitle={Proceedings of the 2020 IEEE International Conference on Cloud Computing},
  pages={156--163},
  year={2020},
  organization={IEEE}
}

@article{brown2022multicloud,
  title={Multi-cloud cost optimization strategies: A comprehensive survey},
  author={Brown, Sarah and Davis, Michael and Wilson, James},
  journal={Journal of Cloud Computing},
  volume={11},
  number={1},
  pages={1--22},
  year={2022},
  publisher={SpringerOpen}
}

@inproceedings{kim2021streaming,
  title={Streaming analytics for cloud cost management: Architecture and implementation},
  author={Kim, Hyunwoo and Park, Jaehyun and Lee, Sanghyun},
  booktitle={2021 IEEE International Conference on Big Data},
  pages={2847--2854},
  year={2021},
  organization={IEEE}
}